@MISC{Slagell_knownplaintext,
    author = {Adam J. Slagell},
    title = {Known Plaintext Attack Against a Permutation Based Video Encryption Algorithm,2002 Available at http://www.slagellware.com},
    year = {}
}

@INPROCEEDINGS{Chu99asecure,
    author = {Hao-hua Chu and Lintian Qiao and Klara Nahrstedt},
    title = {A secure multicast protocol with copyright protection},
    booktitle = {ACM SIGCOMM Computer Communications Review},
    year = {1999},
    pages = {2002}
}

@INPROCEEDINGS{Qiao97anew,
    author = {Lintian Qiao and Klara Nahrstedt},
    title = {A new algorithm for MPEG video encryption},
    booktitle = {In Proceedings of The First International Conference on Imaging Science, Systems, and Technology (CISST’97},
    year = {1997},
    pages = {21--29}
}

@INPROCEEDINGS{Agi96anempirical,
    author = {Iskender Agi and Li Gong},
    title = {An empirical study of secure MPEG video transmissions},
    booktitle = {In Proc. Symp. on Network and Distributed System Security},
    year = {1996},
    pages = {137--144},
    publisher = {IEEE Computer Society Press}
}
