@article{Holland1973,
	author = {Holland, J. H. },
	citeulike-article-id = {431782},
	journal = {SIAM J. Comput.},
	keywords = {bibtex-import},
	pages = {88--105},
	posted-at = {2005-12-09 13:43:29},
	priority = {2},
	title = {Genetic algorithms and the optimal allocation of trials},
	volume = {2},
	year = {1973}
}	

@book{Goldberg,
	author = {Goldberg, David  E. },
	citeulike-article-id = {125978},
	howpublished = {Hardcover},
	isbn = {0201157675},
	keywords = {evolutionary-computation, genetic-algorithms, schema-theory},
	month = {January},
	posted-at = {2005-03-13 07:19:46},
	priority = {0},
	publisher = {{Addison-Wesley Professional},
	title = {Genetic Algorithms in Search, Optimization, and Machine Learning},
	note =  {http://www.amazon.ca/exec/obidos/redirect?tag=citeulike09-20\&path=ASIN/0201157675},
	year = {1989}
}

@Misc{Cohen,
author = {Bram Cohen},
title = {BitTorrent Specification}
note = { http://wiki.theory.org/BitTorrentSpecification},
}

@Misc{RivestMD2,
author = {Ron Rivest, John Linn, B. Kaliski},
title =  {The MD2 Message-Digest Algorithm},
note = { http://www.faqs.org/rfcs/rfc1319.html}
}

@misc{cryptoeprint:2005:067,
    author = {Arjen Lenstra and Xiaoyun Wang and Benne de Weger},
    title = {Colliding X.509 Certificates},
    howpublished = {Cryptology ePrint Archive, Report 2005/067},
    year = {2005},
    note = { http://eprint.iacr.org/},
}


@Misc{NISTComp,
title = {Cryptographic Hash Project},
year = {2005},
month = {April},
note = { http://csrc.nist.gov/groups/ST/hash/index.html},
}

@book{citeulike:1281572,
	address = {Cambridge, MA, USA},
	author = {Holland, John  H. },
	citeulike-article-id = {1281572},
	isbn = {0262581116},
	keywords = {adaptability, complex\_system},
	posted-at = {2007-05-07 08:25:22},
	priority = {2},
	publisher = {MIT Press},
	title = {Adaptation in natural and artificial systems},
	note = {http://portal.acm.org/citation.cfm?id=129194},
	year = {1992}
}

@Misc{Diehard,
author = {George Marsaglia}
year = {1995}
note = { http://www.stat.fsu.edu/pub/diehard/},
}

@Misc{Psyco,
author = {Armin Rigo},
note = { http://psyco.sourceforge.net/},
}

@Misc{Processing,
note = { http://pypi.python.org/pypi/processing},
}

